
@article{ph1,
  title={我国上市公司股票收益率影响因素的实证研究},
  author={.李训.曹国华},
  year={2006(10)}
}
